@article{dabholkar-service-encounters,
	title={Consumer evaluations of new technology-based self-service options: An investigation of alternative models of service quality},
	author={DABHOLKAR, M. J.},
	journal={International Journal of Research in Marketing},
	volume={13, n.1},
	pages={29-51},
	year={1996}
}

@article{bitner-service-encounters,
	title={Technology Infusion in Service Encounters},
	author={BITNER, M. J.; BROWN, S. W.},
	journal={Journal of the Academy of Marketing Science},
	volume={28, n.1},
	pages={138-149},
	year={2000}
}

@article{machado-2011,
	title={Análise e gestão de requisitos de software: onde nascem os sistemas},
	author={MACHADO, Felipe Nery Rodrigues},
	volume={1ª. ed},
	year={2011}
}

@article{walker-service-delivery,
	title={Technology‐enabled service delivery: An investigation of reasons affecting customer adoption and rejection},
	author={WALKER, R. H.; LEES, M. C., HECKER, R.; FRANCIS, H.},
	journal={International Journal of Service Industry Management},
	volume={13, n.1},
	pages={91-106},
	year={2002}
}


@electronic{tecnicas-levantamento,
	title = {Técnicas para levantamentos de requisitos Disponível em :},
	author={{Janaína}},
	language = {pt},
	year={2009},
	note={ Artigo Disponível em: \url{<http://https://www.devmedia.com.br/tecnicas-para-levantamento-de-requisitos/9151>}, Acessado em: 13-10-2019}
}

@electronic{linkedin,
	author={{LinkedIn}},
	year={2019},
	language = {pt},
	note={ Linkedin Disponível em : \url{<http://linkedin.com.br/>}, Acessado em: 18-10-2019}
}

@electronic{3webbox,
	author={{3webbox}},
	year={2019},
	language = {pt},
	note={ Imagem Disponível em : \url{<https://3webbox.com/ecommerce-ebusiness//>}, Acessado em: 09-10-2019}
}

@electronic{loba,
	author={{Loba}},
	year={2019},
	language = {pt},
	note={ Imagem Disponível em : \url{<https://www.loba.pt/imagens/516718288_portaisweb_0207051842.jpg>}, Acessado em: 09-10-2019}
}

SOMMERVILLE, 2003

@article{sommerville,
	title={Engenharia de Software},
	author={Ian Sommerville},
	volume={1ª. ed},
	year={2003}
}

@electronic{newtechs,
	author={{Newtechs}},
	year={2019},
	language = {pt},
	note={ Imagem Disponível em : \url{<https://www.newtechs.com.br/careers_archive/portais-web/>}, Acessado em: 09-10-2019}
}

@electronic{newtechs,
	author={{Newtechs}},
	year={2019},
	language = {pt},
	note={ Imagem Disponível em : \url{<https://www.newtechs.com.br/careers_archive/portais-web/>}, Acessado em: 09-10-2019}
}

@electronic{markeninja,
	author={{Markeninja}},
	year={2019},
	language = {pt},
	note={ Imagem Disponível em : \url{<https://markeninja.com.br/wp-content/uploads/2016/08/site-institucional-ou-loja-online-jpg_20160708034429-1.jpg>}, Acessado em: 09-10-2019}
}


@electronic{linkedin-b,
	author={{LinkedIn}},
	year={2019},
	language = {pt},
	note={ Artigo Disponível em : \url{<https://paranaportal.uol.com.br/colunas/tecnologia-e-inovacao/por-que-o-linkedin-e-a-rede-social-em-destaque-para-2018/>}, Acessado em: 19-10-2019}
}

@electronic{linkedin-c,
	author={{Statista}},
	year={2019},
	language = {pt},
	note={ Pesquisa Disponível em : \url{<https://www.statista.com/statistics/274050/quarterly-numbers-of-linkedin-members/>}, Acessado em: 19-10-2019}
}

@electronic{get-ninjasMobile,
	author={{GetNinjas Pesquisa}},
	year={2019},
	language = {pt},
	note={ GetNinjas Disponível em : \url{<https://www.startse.com/noticia/conteudo-memoravel/41960/estudo-de-caso-getninjas>}, Acessado em: 19-10-2019}
}

@electronic{get-ninjasMobilea,
	author={{GetNinjas}},
	year={2019},
	language = {pt},
	note={ GetNinjas Disponível em : \url{<https://www.getninjas.com.br>}, Acessado em: 19-10-2019}
}


@electronic{housoft,
	author={{Housoft}},
	year={2019},
	language = {pt},
	note={ Housoft Disponível em : \url{<https://www.housoft.org/>}, Acessado em: 18-10-2019}
}

@electronic{sbg,
	author={{SBG Auditoria}},
	year={2019},
	language = {pt},
	note={ SBG Disponível em : \url{<http://www.sbg.com.br/sistema-erp-gestao-auditoria-software/>}, Acessado em: 18-10-2019}
}



@electronic{sbg-1,
	author={{SBG Controle de Estoque}},
	year={2019},
	language = {pt},
	note={ SBG Disponível em : \url{<http://www.sbg.com.br/sistema-erp-gestao-controle-estoque//>}, Acessado em: 18-10-2019}
}

@electronic{get-ninjas,
	author={{Get Ninjas}},
	year={2019},
	language = {pt},
	note={ Get Ninjas Disponível em : \url{<https://www.getninjas.com.br/>}, Acessado em: 18-10-2019}
}

@electronic{get-ninjas-a,
	author={{Get Ninjas Anuncie}},
	year={2019},
	language = {pt},
	note={ Get Ninjas Disponível em : \url{<https://www.getninjas.com.br/anuncie>}, Acessado em: 18-10-2019}
}




@electronic{nexus-mod,
	author={{Nexus Mod}},
	year={2019},
	language = {pt},
	note={ Nexus Mod Disponível em : \url{<https://www.nexusmods.com/skyrim>}, Acessado em: 18-10-2019}
}

@electronic{catho,
	author={{Catho}},
	year={2019},
	language = {pt},
	note={ Catho Disponível em : \url{<https://www.catho.com.br/>}, Acessado em: 19/10/2019}
}

@electronic{catho-1,
	author={{Catho Vagas}},
	year={2019},
	language = {pt},
	note={ Catho Disponível em : \url{<https://www.catho.com.br/vagas/>}, Acessado em: 19/10/2019}
}


@electronic{catho-2,
	author={{Catho Profissões}},
	year={2019},
	language = {pt},
	note={ Catho Disponível em : \url{<https://www.catho.com.br/profissoes/>}, Acessado em: 19/10/2019}
}

@electronic{catho-3,
	author={{Catho Avaliações}},
	year={2019},
	language = {pt},
	note={ Catho Disponível em : \url{<https://www.catho.com.br/avaliacoes/>}, Acessado em: 19/10/2019}
}

@Book{rei-leao,
	title={Rei Leão},
	author={{Diretores Roger Allers e Rob Minkoff}},
	year={1994}
}

